
@misc{ffnn,
    author = {{Kjell Magne Fauske}},
    title = {{Example: Neural network}},
    howpublished = {\url{http://www.texample.net/tikz/examples/neural-network/}},
    note = {Online; accessed 26.03.2020} 
    }
    
    
    
@misc{activation_one_node,
    title = {{Architecture Neural Network with weights}},
    howpublished = {\url{https://tex.stackexchange.com/questions/505741/architecture-neural-network-with-weights}},
    note = {Online; accessed 26.03.2020} 
    }
       
    
@misc{convolution_operation,
    title = {{Visualizing matrix convolution}},
    howpublished = {\url{https://tex.stackexchange.com/questions/522118/visualizing-matrix-convolution}},
    note = {Online; accessed 26.03.2020} 
    }
       
    
@misc{colah_blog_post,
    author = {{Christopher Olah}},
    title = {{Understanding LSTM Networks}},
    howpublished = {\url{http://colah.github.io/posts/2015-08-Understanding-LSTMs/}},
    note = {Online; accessed 26.03.2020} 
    }

    
@misc{lstm_cell_tikz,
      author = {{J. Leon}},
      title = {{How do I draw an LSTM cell in Tikz?}},
      howpublished = {\url{https://tex.stackexchange.com/questions/432312/how-do-i-draw-an-lstm-cell-in-tikz?rq=1}},
      note = {Online; accessed 26.03.2020} 
    }
    
    
@misc{rnn_unit,
    author = {{Christopher Olah}},
    title = {{Understanding LSTM Networks}},
    howpublished = {\url{http://colah.github.io/posts/2015-08-Understanding-LSTMs/}},
    note = {Online; accessed 26.03.2020} 
    }




