@book{chollet_book,
    author = {Chollet, Francois},
    title = {Deep Learning with Python},
    year = {2017},
    isbn = {1617294438},
    publisher = {Manning Publications Co.},
    address = {USA},
    edition = {1st},
    pages={}
    }
    
@inbook{lohmann_lüönd_mahrt_2016, 
    place={Cambridge}, title={Clouds}, DOI={10.1017/CBO9781139087513.002}, booktitle={An Introduction to Clouds: From the Microscale to Climate}, publisher={Cambridge University Press}, author={Lohmann, Ulrike and Lüönd, Felix and Mahrt, Fabian}, year={2016}, pages={?}
    }